@misc{gplv3,
  author       = {Free Software Foundation},
  title        = {{GNU} {G}eneral {P}ublic {L}icense},
  version      = {3},
  howpublished = {\url{http://www.gnu.org/licenses/gpl.html}},
  shorthand    = {GPL}
}

@misc{cleanArquitecture2017,
  author    = {Robert Cecil Martin},
  title     = {Clean Architecture: A Craftsman's Guide to Software Structure and Design: A Craftsman's Guide to Software Structure and Design},
  booktitle = {Genetic algorithms in search, optimization, and machine learning},
  year      = 2017,
  publisher = {ADDISON-WESLEY},
  isbn      = {0134494164}
}

@misc{cleanCode2008,
  author    = {Robert Cecil Martin},
  title     = {Clean Code: A Handbook of Agile Software Craftsmanship},
  booktitle = {Clean Code: A Handbook of Agile Software Craftsmanship},
  year      = 2008,
  publisher = {ADDISON-WESLEY},
  isbn      = {9780132350884}
}

@misc{goldberg89,
  author    = {David E. Goldberg},
  title     = {Genetic algorithms in search, optimization, and machine learning},
  booktitle = {Genetic algorithms in search, optimization, and machine learning},
  year      = 1989,
  publisher = {ADDISON-WESLEY},
  isbn      = {9780201157673}
}

@misc{apache,
  author       = {Apache Software Foundation},
  title        = {Apache Software Foundation},
  howpublished = {\url{http://www.apache.org/}}
}

@misc{nodejs-trend,
  author       = {w3tech},
  title        = {Usage statistics and market share of Node.js for websites},
  howpublished = {\url{https://w3techs.com/technologies/details/ws-nodejs/all/all}}
}

@misc{acid,
  author       = {Graham Chen},
  title        = {Distributed transaction processing standars and their applications},
  url          = {https://pdfs.semanticscholar.org/cf9d/45b49b276615e6c5d94a8ffaf163933c49a6.pdf}
}

@misc{merelo_molina_2021, 
  title={Un Mundo feliz}, 
  howpublished = {\url{https://figshare.com/articles/preprint/Un_Mundo_feliz_pdf/16414035/1}}, 
  DOI={10.6084/m9.figshare.16414035.v1}, 
  abstractNote={Trabajo para la asignatura de Metaheurísticas de la UGR, 2019-2020}, 
  publisher={figshare}, 
  author={Merelo Molina, Cecilia}, 
  year={2021}, 
  month={Aug} 
} 

@article{diversity,
  author = {Burke, Edmund and Gustafson, Steven and Kendall, Graham},
  year = {2004},
  month = {03},
  pages = {47 - 62},
  title = {Diversity in Genetic Programming: An Analysis of Measures and Correlation With Fitness},
  volume = {8},
  journal = {Evolutionary Computation, IEEE Transactions on},
  doi = {10.1109/TEVC.2003.819263}
}

@misc{genetic,
  author = {J. R. McDonnell},
  year = {1995},
  pages = {719-736},
  title = {Genetic programming exploratory power and the discovery of functions}
}

@article{Rosca,
  author = {J. P. Rosca},
  year = {1995},
  month = {07},
  pages = {23-32},
  title = {Entropy-driven adaptive representation},
  journal = {Proc. Work- shop Genetic Programming: From Theory to Real-World Applications}
}

@misc{BBOB,
  author = {Steffen Finck and Nikolaus Hansen† and Raymond Ros‡ and Anne Auger§},
  year = {2014},
  month = {12},
  title = {Real-Parameter Black-Box Optimization Benchmarking 2010: Presentation of the Noiseless Functions},
}

@article{metaheuristics,
  title={Metaheuristics “In the Large”},
  author={Swan, Jerry and Adriaensen, Steven and Johnson, Colin G and Kheiri, Ahmed and Krawiec, Faustyna and Merelo, JJ and Minku, Leandro L and {\"O}zcan, Ender and Pappa, Gisele L and Garc{\'\i}a-S{\'a}nchez, Pablo and others},
  journal={European Journal of Operational Research},
  year={2021},
  publisher={Elsevier}
}

@misc{julia,
  author       = {Jeff Bezanson and Stefan Karpinski and Viral B. Shah},
  title        = {Julia Programming Language},
  howpublished = {\url{https://julialang.org/}}
}

@misc{json,
  author       = {w3schools},
  title        = {JavaScript Object Notation},
  howpublished = {\url{https://www.w3schools.com/js/js_json_intro.asp}}
}

@misc{agpl,
  author       = {Free Software Foundation},
  title        = {{GNU} Affero General Public License},
  howpublished = {\url{https://www.gnu.org/licenses/agpl-3.0.html}}
}

@misc{languages,
  author       = {Srishti Deoras},
  title        = {5 Languages To Use For Genetic Programming},
  howpublished = {\url{https://analyticsindiamag.com/5-languages-to-use-for-genetic-programming/}}
}

@article{Molina2020ComprehensiveTO,
  title={Comprehensive Taxonomies of Nature- and Bio-inspired Optimization: Inspiration Versus Algorithmic Behavior, Critical Analysis Recommendations},
  author={D. Molina and Javier Poyatos and J. Ser and S. Garc{\'i}a and A. Hussain and Francisco Herrera},
  journal={Cognitive Computation},
  year={2020},
  pages={1-43}
}

@inbook{software-engineering,
  author    = {Ian Sommervile},
  title     = {Software Engineering},
  booktitle = {Software Engineering},
  year      = 2016,
  publisher = {Springer International Publishing},
  isbn      = {0-321-31379-8}
}

@article{metaphor_exposed,
  author = {Sörensen, Kenneth},
  title = {Metaheuristics—the metaphor exposed},
  journal = {International Transactions in Operational Research},
  volume = {22},
  number = {1},
  pages = {3-18},
  keywords = {optimization, combinatorial optimization, metaheuristics, heuristics},
  doi = {https://doi.org/10.1111/itor.12001},
  url = {https://onlinelibrary.wiley.com/doi/abs/10.1111/itor.12001},
  eprint = {https://onlinelibrary.wiley.com/doi/pdf/10.1111/itor.12001},
  year = {2015}
}

@article{mitigating_metaphors,
  author = {Lones, Michael},
  year = {2019},
  month = {11},
  pages = {},
  title = {Mitigating Metaphors: A Comprehensible Guide to Recent Nature-Inspired Algorithms},
  volume = {1},
  journal = {SN Computer Science},
  doi = {10.1007/s42979-019-0050-8}
}

@article{comparative_study,
  author = {Gmys, Jan and Pessoa, Tiago and Melab, Nouredine and Talbi, El-Ghazali and Tuyttens, Daniel},
  year = {2020},
  month = {06},
  pages = {100720},
  title = {A comparative study of high-productivity high-performance programming languages for parallel metaheuristics},
  volume = {57},
  journal = {Swarm and Evolutionary Computation},
  doi = {10.1016/j.swevo.2020.100720}
}

@misc{fast_lunch,
  author = {Merelo Guervós, Juan and García-Sánchez, Pablo and Garcia-Valdez, Mario and Blancas, Israel},
  year = {2015},
  month = {11},
  title = {There is no fast lunch: an examination of the running speed of evolutionary algorithms in several languages}
}

@misc{ga-intro,
    author = {Vijini Mallawaarachchi},
    title = {Introduction to Genetic Algorithms},
    howpublished = {\url{https://towardsdatascience.com/introduction-to-genetic-algorithms-including-example-code-e396e98d8bf3}}
}

@misc{metaheuristics_wikipedia,
    author = {Wikipedia},
    title = {metaheuristics_def},
    howpublished = {\url{http://www.scholarpedia.org/article/Metaheuristics}}
}

@article{585893,  
  author={Wolpert, D.H. and Macready, W.G.},
  journal={IEEE Transactions on Evolutionary Computation},
  title={No free lunch theorems for optimization},   
  year={1997},  
  volume={1},  
  number={1},  
  pages={67-82},  
  doi={10.1109/4235.585893}
}

@misc{project_repository,  
  author = {Merelo Molina, Cecilia},
  title = {Repositorio del proyecto},
  howpublished = {\url{https://github.com/cecimerelo/UnAlgoritmoFeliz}}
}

@misc{project_repository_8,  
  author = {Merelo Molina, Cecilia},
  title = {Issue 8},
  howpublished = {\url{https://github.com/cecimerelo/UnAlgoritmoFeliz/issues/8}}
}

@misc{project_repository_17,  
  author = {Merelo Molina, Cecilia},
  title = {Issue 17},
  howpublished = {\url{https://github.com/cecimerelo/UnAlgoritmoFeliz/issues/17}}
}

@misc{project_repository_18,  
  author = {Merelo Molina, Cecilia},
  title = {Issue 18},
  howpublished = {\url{https://github.com/cecimerelo/UnAlgoritmoFeliz/issues/18}}
}

@misc{project_repository_19,  
  author = {Merelo Molina, Cecilia},
  title = {Issue 19},
  howpublished = {\url{https://github.com/cecimerelo/UnAlgoritmoFeliz/issues/19}}
}

@misc{project_repository_20,  
  author = {Merelo Molina, Cecilia},
  title = {Issue 20},
  howpublished = {\url{https://github.com/cecimerelo/UnAlgoritmoFeliz/issues/20}}
}

@misc{project_repository_21,  
  author = {Merelo Molina, Cecilia},
  title = {Issue 21},
  howpublished = {\url{https://github.com/cecimerelo/UnAlgoritmoFeliz/issues/21}}
}

@misc{pull_17,  
  author = {Merelo Molina, Cecilia},
  title = {Issue 71},
  howpublished = {\url{https://github.com/cecimerelo/UnAlgoritmoFeliz/pull/71}}
}

@article{DBLP,
  author = {Juan Julián Merelo Guervós},
  title = {Agile (data) science: a (draft) manifesto},
  journal = {CoRR},
  volume = {abs/2104.12545},
  year = {2021},
  url = {https://arxiv.org/abs/2104.12545},
  archivePrefix = {arXiv},
  eprint = {2104.12545},
  timestamp = {Mon, 03 May 2021 17:38:30 +0200},
  biburl = {https://dblp.org/rec/journals/corr/abs-2104-12545.bib},
  bibsource = {dblp computer science bibliography, https://dblp.org}
}

@misc{metaheuristics_jl,  
  author = {Jesús Mejía},
  title = {Metaheuristics.jl},
  howpublished = {\url{https://github.com/jmejia8/Metaheuristics.jl}}
}

@misc{darwin_jl,  
  author = {Philipp Gabler},
  title = {Darwin.jl},
  howpublished = {\url{https://github.com/phipsgabler/Darwin.jl/blob/master/src/Darwin.jl}}
}

@misc{evolutionary_jl,  
  author = {Art},
  title = {Evolutionary.jl},
  howpublished = {\url{https://github.com/phipsgabler/Darwin.jl/blob/master/src/Darwin.jl}}
}

@misc{GeneticAlgorithms_jl,  
  author = {Westley Argentum Hennigh-Palermo},
  title = {GeneticAlgorithms.jl},
  howpublished = {\url{https://github.com/WestleyArgentum/GeneticAlgorithms.jl}}
}

@article{DunningHuchetteLubin2017,
  author = {Iain Dunning and Joey Huchette and Miles Lubin},
  title = {{JuMP}: A Modeling Language for Mathematical Optimization},
  journal = {SIAM Review},
  volume = {59},
  number = {2},
  pages = {295-320},
  year = {2017},
  doi = {10.1137/15M1020575},
}

@misc{TDD,  
  author = {Wikipedia},
  title = {Desarrollo guiado por pruebas},
  howpublished = {\url{https://es.wikipedia.org/wiki/Desarrollo_guiado_por_pruebas}}
}

@misc{BDD,  
  author = {Federico Toledo},
  title = {¿Qué es {BDD}?},
  howpublished = {\url{https://www.federico-toledo.com/que-es-bdd/}}
}

@misc{ciencia_abierta,  
  author = {Universitat Ramon Llul},
  title = {Ciencia Abierta},
  howpublished = {\url{https://www.url.edu/es/investigacion-e-innovacion/la-investigacion-en-la-url/ciencia-abierta}}
}

@misc{deap,  
  author = {Deap contributors},
  title = {{DEAP}},
  howpublished = {\url{https://deap.readthedocs.io/en/master/}}
}

@misc{pygad,  
  author = {Pygad contributors},
  title = {Pygad},
  howpublished = {\url{https://pygad.readthedocs.io/en/latest/}}
}

@misc{pr_genetic_algorithms,  
  author = {Merelo Molina, Cecilia},
  title = {Pull request para actualizar el repositorio},
  howpublished = {\url{https://github.com/WestleyArgentum/GeneticAlgorithms.jl/pull/23}}
}

@misc{CI,  
  author = {AWS},
  title = {Continuous Integration},
  howpublished = {\url{https://aws.amazon.com/es/devops/continuous-integration/}}
}

@misc{mvp,  
  author = {Wikipedia},
  title = {{MVP}},
  howpublished = {\url{https://es.wikipedia.org/wiki/Producto_viable_m%C3%ADnimo}}
}

@book{un_mundo_feliz_libro,
  author         = {Aldous Huxley},
  editor         = {Debolsillo},
  title          = {Un Mundo Feliz},
  publisher      = {Debolsillo},
  year           = {2003}
}

@misc{kanban,  
  author = {Kanbanize},
  title = {Kanban Explained for Beginners | The Complete Guide},
  howpublished = {\url{https://kanbanize.com/kanban-resources/getting-started/what-is-kanban}}
}


@misc{julia_goals,  
  author = {{GFT}},
  title = {Julia, Python, y Machine Learning, ¿quién da más?},
  howpublished = {\url{https://blog.gft.com/es/2019/04/15/julia-python-y-machine-learning-quien-da-mas}}
}

@misc{parameters_jl,  
  author = {Mauro3},
  title = {Parameters.jl},
  howpublished = {\url{https://github.com/mauro3/Parameters.jl}}
}

@misc{bbob_definition,  
  author = {brockho},
  title = {Black-Box-Optimization-Benchmarking (BBOB) functions.},
  howpublished = {\url{https://coco.gforge.inria.fr/}}
}

@misc{bbob_jl,  
  author = {Jonathan Bieler},
  title = {BlackBoxOptimizationBenchmarking.jl},
  howpublished = {\url{https://github.com/jonathanBieler/BlackBoxOptimizationBenchmarking.jl}}
}

@misc{statsbase_jl,  
  author = {Julia contributors},
  title = {StatsBase.jl},
  howpublished = {\url{https://juliastats.org/StatsBase.jl/stable/}}
}

@misc{entropy_jl,  
  author = {Roger Herikstad},
  title = {Entropy.jl},
  howpublished = {\url{https://github.com/grero/Entropy.jl}}
}

@misc{diversity_jl,  
  author = {EcoJulia contributors},
  title = {Diversity.jl},
  howpublished = {\url{https://github.com/EcoJulia/Diversity.jl}}
}

@misc{informationMeasures_jl,  
  author = {Tchanders},
  title = {InformationMeasures.jl},
  howpublished = {\url{https://github.com/Tchanders/InformationMeasures.jl}}
}

@misc{distances_jl,  
  author = {Julia Stats contributors},
  title = {Distances.jl},
  howpublished = {\url{https://github.com/JuliaStats/Distances.jl}}
}

@misc{stats_jl,  
  author = {Julia contributors},
  title = {Julia Stats},
  howpublished = {\url{https://juliastats.org/}}
}

@misc{dataframes_jl,  
  author = {Julia contributors},
  title = {DataFrames.jl},
  howpublished = {\url{https://dataframes.juliadata.org/stable/}}
}

@misc{gadfly_jl,  
  author = {Julia contributors},
  title = {Gadfly.jl},
  howpublished = {\url{http://gadflyjl.org/v0.5/index.html}}
}

@article{cruz2011optimization,
  title={Optimization in dynamic environments: a survey on problems, methods and measures},
  author={Cruz, Carlos and Gonz{\'a}lez, Juan R and Pelta, David A},
  journal={Soft Computing},
  volume={15},
  number={7},
  pages={1427--1448},
  year={2011},
  publisher={Springer}
}